
@article{comblet_les_2012,
	title = {Les variables didactiques de la pédagogie différenciée},
	url = {https://dumas.ccsd.cnrs.fr/dumas-00738582},
	abstract = {Quelles sont les variables didactiques les plus utilisées en français et en mathématiques par les enseignants dans la pédagogie différenciée simultanée en cycles 2 et 3 ?},
	language = {fr},
	urldate = {2021-09-21},
	author = {Comblet, Virginie},
	month = jun,
	year = {2012},
	pages = {48},
	file = {Full Text PDF:/home/bouscadilla/snap/zotero-snap/common/Zotero/storage/26CR82NU/Comblet - 2012 - Les variables didactiques de la pédagogie différen.pdf:application/pdf;Snapshot:/home/bouscadilla/snap/zotero-snap/common/Zotero/storage/9ZMV5HBR/dumas-00738582.html:text/html},
}

@book{perrenoud_organisation_2012,
	address = {Issy-les-Moulineaux},
	series = {Pédagogies},
	title = {L'organisation du travail, clé de toute pédagogie différenciée},
	isbn = {978-2-7101-2352-1},
	abstract = {L'auteur propose des solutions pour organiser le travail des élèves, collégiens et lycéens, en différenciant sa pédagogie, mais également en évitant aux professeurs de se disperser et de s'épuiser},
	language = {fre},
	publisher = {ESF éditeur},
	author = {Perrenoud, Philippe},
	year = {2012},
}

@book{kahn_pedagogie_2010,
	address = {Bruxelles},
	series = {Le point sur... {Pédagogie}},
	title = {Pédagogie différenciée},
	isbn = {978-2-8041-6038-8},
	abstract = {Un éclaircissement autour de la question de la pédagogie différenciée. L'ouvrage analyse ce qui, dans les fondements mêmes de l'école, produit une oscillation entre indifférenciation et différenciation et comment ce balancement opère en défaveur des apprentissages de tous, l'émergence d'une prise en compte didactique de la différence et les principes des pratiques de pédagogie différenciée},
	language = {fre},
	publisher = {De Boeck},
	author = {Kahn, Sabine},
	year = {2010},
	file = {Pédagogie Différenciée.pdf:/home/bouscadilla/snap/zotero-snap/common/Zotero/storage/GHMCX287/Pédagogie Différenciée.pdf:application/pdf;Pédagogie Différenciée by Kahn, Sabine Sabine Kahn (z-lib.org).epub:/home/bouscadilla/snap/zotero-snap/common/Zotero/storage/BAF8WANT/Pédagogie Différenciée by Kahn, Sabine Sabine Kahn (z-lib.org).epub:application/epub+zip},
}

@article{lautru_pedagogie_2019,
	title = {Une pédagogie différenciée plus inclusive : l’utilisation de vidéos explicatives en mathématiques},
	shorttitle = {Une pédagogie différenciée plus inclusive},
	url = {https://dumas.ccsd.cnrs.fr/dumas-02520996},
	abstract = {S’intéresser à l’inclusion de tous les élèves en classe, vouloir comprendre le ressenti de chacun vivant la différenciation, utiliser des outils numériques en classe, sont autant d’éléments qui ont fait naître cette recherche. Entre une différenciation individuelle pouvant se référer à une exclusion du groupe classe et une différenciation collective, pour tous, qui serait plus inclusive, nous avons tenté de croiser des données, grâce à une recherche longitudinale, auprès d’une classe de CM1. Pédagogie différenciée, inclusion scolaire et Technologie de l’Information et de la Communication pour l’Enseignement, sont les trois axes pour lesquelles nous nous sommes documentés pour enrichir nos connaissances. Après récolte du ressenti des élèves, aussi bien avec l’aide enseignante, qu’avec celle numérique, nous avons croisé des données et découvert des éléments intéressants. Les recherches de ce mémoire ont pour objectif de se projeter vers de nouvelles méthodes pédagogiques associées aux TICE, dans le but de répondre aux besoins des élèves, et de développer, chez les futurs enseignants ou ceux qui le sont déjà, de nouvelles compétences.},
	language = {fr},
	urldate = {2021-09-21},
	author = {Lautru, Marion},
	month = may,
	year = {2019},
	pages = {65},
	file = {Full Text PDF:/home/bouscadilla/snap/zotero-snap/common/Zotero/storage/XS8GXW2S/Lautru - 2019 - Une pédagogie différenciée plus inclusive  l’util.pdf:application/pdf;Snapshot:/home/bouscadilla/snap/zotero-snap/common/Zotero/storage/ABCUWMCB/dumas-02520996.html:text/html},
}

@article{cottet_traiter_2017,
	title = {Traiter l'hétérogénéité d'une classe en préservant le groupe-classe (classes de 5e, 4e et 3e {LV2})},
	url = {https://dumas.ccsd.cnrs.fr/dumas-01686830},
	abstract = {Ce mémoire est destiné aux enseignants en langues étrangères et traite l’hétérogénéité dans les classes. En classe de langue vivante, il est possible d’avoir une hétérogénéité extrême des élèves puisque certains élèves sont des élèves natifs de la langue alors que d’autres débutent. Ainsi, un problème se pose : comment prendre en compte cette hétérogénéité tout en préservant le groupe classe ? Rappelons que le groupe-classe doit être préservé pour qu’il y ait une bonne construction des apprentissages entre les élèves. Ce mémoire va donc présenter les différentes solutions qui ont été trouvées et testées durant l’année scolaire afin d’aider les professeurs à gérer le problème causé par l’hétérogénéité.},
	language = {fr},
	urldate = {2021-09-21},
	author = {Cottet, Laurie},
	year = {2017},
	keywords = {biblio},
	pages = {36},
	file = {Full Text PDF:/home/bouscadilla/snap/zotero-snap/common/Zotero/storage/PJ37DJK6/Cottet - 2017 - Traiter l'hétérogénéité d'une classe en préservant.pdf:application/pdf},
}

@article{pelgrims_susciter_nodate,
	title = {Susciter la culture collective de la classe et le sentiment d’appartenance de chacun},
	author = {Pelgrims, Greta},
	file = {Full Text:/home/bouscadilla/snap/zotero-snap/common/Zotero/storage/5BQTUZ7Z/Pelgrims - Susciter la culture collective de la classe et le .pdf:application/pdf},
}

@article{feyfant_individualisation_2008,
	title = {Individualisation et différenciation des apprentissages},
	language = {fr},
	author = {Feyfant, Par Annie},
	year = {2008},
	keywords = {différenciée},
	pages = {13},
	file = {Feyfant - 2008 - Individualisation et différenciation des apprentis.pdf:/home/bouscadilla/snap/zotero-snap/common/Zotero/storage/ESWBBY53/Feyfant - 2008 - Individualisation et différenciation des apprentis.pdf:application/pdf},
}

@techreport{feyfant_differenciation_2016,
	type = {report},
	title = {La différenciation pédagogique en classe},
	url = {http://veille-et-analyses.ens-lyon.fr/DA/detailsDossier.php?parent=accueil&dossier=113&lang=fr},
	language = {fr},
	urldate = {2021-10-03},
	institution = {IFÉ - ENS de Lyon},
	author = {Feyfant, Annie},
	month = nov,
	year = {2016},
	note = {Issue: 113},
	keywords = {différenciée},
	pages = {32},
	file = {Snapshot:/home/bouscadilla/snap/zotero-snap/common/Zotero/storage/6LWIRLJR/detailsDossier.html:text/html;Feyfant - 2016 - La différenciation pédagogique en classe.pdf:/home/bouscadilla/snap/zotero-snap/common/Zotero/storage/6MNZIUXW/Feyfant - 2016 - La différenciation pédagogique en classe.pdf:application/pdf},
}

@article{josselin_heterogeneite_2017,
	title = {L'hétérogénéité au service du groupe-classe en chinois {LV2} ({Première} et {Terminale})},
	url = {https://dumas.ccsd.cnrs.fr/dumas-01688646},
	abstract = {Dans toutes les matières et dans toutes les classes, les professeurs sont confrontés à une grande hétérogénéité des élèves. Les cours de langues et de chinois ne font pas exception. Dans les groupes d’élèves qui apprennent le chinois comme langue étrangère, il n’est pas rare d’avoir dans les effectifs des apprenants qui bénéficient d’un bain linguistique favorable. Comme il serait utopique et vain de vouloir s’affranchir de l’hétérogénéité dans les classes, nous nous proposons ici de réfléchir à des moyens pour composer avec elle. Comment faire de l’hétérogénéité un atout et non un obstacle à l’apprentissage ? Comment faire en sorte que chaque élève progresse sans que les élèves ayant des facilités ne s’ennuient et que les élèves ayant des difficultés ne soient découragés et restent motivés, le tout, en préservant une certaine unité au sein du groupe classe ? Le présent mémoire tente de fournir des réponses à ces questions.},
	language = {fr},
	urldate = {2021-09-21},
	author = {Josselin, Thomas},
	year = {2017},
	keywords = {biblio},
	pages = {51},
	file = {Full Text PDF:/home/bouscadilla/snap/zotero-snap/common/Zotero/storage/2S7LURJT/Josselin - 2017 - L'hétérogénéité au service du groupe-classe en chi.pdf:application/pdf;Snapshot:/home/bouscadilla/snap/zotero-snap/common/Zotero/storage/AFLPQ7VI/dumas-01688646.html:text/html},
}

@article{cottereau_renforcer_2019,
	title = {Renforcer le sentiment d'appartenance au groupe classe des élèves isolés grâce au travail coopératif},
	url = {https://dumas.ccsd.cnrs.fr/dumas-02180535},
	abstract = {Au sein de chaque groupe classe, nous pouvons repérer des élèves isolés (du fait d’un processus de décrochage scolaire en cours ou de situations de harcèlement scolaire). Pour tenter d’intégrer tous les élèves au sein du groupe, il est important d’améliorer le climat de classe. Pour ce faire, il est possible de développer le sentiment d’appartenance des élèves grâce au travail coopératif. Il apparaît que les compétences coopératives mobilisées contribuent à intégrer au groupe classe des élèves identifiés comme isolés, quand les problématiques de harcèlement scolaire ne sont pas trop marquées.},
	language = {fr},
	urldate = {2021-10-03},
	author = {Cottereau, Julie and Michel, Julie-Jessie},
	month = may,
	year = {2019},
	keywords = {groupe classe},
	pages = {142},
	file = {Full Text PDF:/home/bouscadilla/snap/zotero-snap/common/Zotero/storage/KXAF292L/Cottereau et Michel - 2019 - Renforcer le sentiment d'appartenance au groupe cl.pdf:application/pdf;Snapshot:/home/bouscadilla/snap/zotero-snap/common/Zotero/storage/SHCE3ANA/dumas-02180535.html:text/html},
}

@article{meirieu_pedagogie_1996,
	title = {La pédagogie différenciée: enfermement ou ouverture},
	shorttitle = {La pédagogie différenciée},
	journal = {A. Bentolila, L’école: Diversité et Cohérences},
	author = {Meirieu, Philippe},
	year = {1996},
	pages = {109--149},
	file = {Full Text:/home/bouscadilla/snap/zotero-snap/common/Zotero/storage/PN5JSWDE/Meirieu - 1996 - La pédagogie différenciée enfermement ou ouvertur.pdf:application/pdf},
}

@article{bouquillion_differenciation_2017,
	title = {La différenciation pédagogique},
	url = {https://dumas.ccsd.cnrs.fr/dumas-01622822},
	abstract = {Ce mémoire vise à répondre à la question suivante : comment mettre en place une pédagogie différenciée prenant en compte la diversité des élèves, et ce, même dans une classe à fort effectif ? Je mettrai tout d’abord l’accent sur la nécessité de la différenciation pédagogique et présenterai les objectifs fondamentaux de sa mise en place dans les classes. Je dévoilerai et analyserai ensuite certaines pratiques dans ma classe de trente et un élèves de CE1 pour mettre en œuvre la différenciation. Je proposerai enfin quelques pistes à suivre pour répondre de manière favorable à l’hétérogénéité des élèves.},
	language = {fr},
	urldate = {2021-10-19},
	author = {Bouquillion, Muriel},
	year = {2017},
	pages = {36},
	file = {Full Text PDF:/home/bouscadilla/snap/zotero-snap/common/Zotero/storage/DDBLPRV4/Bouquillion - 2017 - La différenciation pédagogique.pdf:application/pdf;Snapshot:/home/bouscadilla/snap/zotero-snap/common/Zotero/storage/UHPSGLLE/dumas-01622822.html:text/html},
}

@book{forget_penser_2018,
	address = {Genève},
	series = {Carnets des sciences de l'éducation},
	title = {Penser la différenciation pédagogique},
	isbn = {978-2-940195-85-5},
	abstract = {Une présentation de la pédagogie de la différenciation née au début du XXe siècle. Après un état des lieux théorique de ce champ des sciences de l'éducation, la mise en oeuvre de l'enseignement différencié est abordé d'un point de vue critique autour de quatre dispositifs},
	language = {fre},
	publisher = {Université de Genève, Faculté de psychologie et des sciences de l'éducation},
	author = {Forget, Alexia},
	year = {2018},
}

@article{reuter_tache_2013,
	series = {Dictionnaire des concepts fondamentaux des didactiques},
	title = {Tâche},
	volume = {3},
	url = {https://www-cairn-info.lama.univ-amu.fr/dictionnaire-des-concepts-fondamentaux-des-didacti--9782804169107-page-211.htm},
	language = {fr},
	urldate = {2022-01-04},
	journal = {Hors collection},
	author = {Reuter, Yves and Cohen-Azria, Cora and Daunay, Bertrand and Delcambre, Isabelle and Lahanier-Reuter, Dominique},
	year = {2013},
	note = {Bibliographie\_available: 1
Cairndomain: www.cairn.info
Cite Par\_available: 0
ISBN: 9782804169107
Publisher: De Boeck Supérieur},
	pages = {211--216},
	file = {Snapshot:/home/bouscadilla/snap/zotero-snap/common/Zotero/storage/BD3ZIKLN/dictionnaire-des-concepts-fondamentaux-des-didacti--9782804169107-page-211.html:text/html},
}

@misc{eduscol_accompagnement_2020,
	title = {L'accompagnement des élèves},
	url = {https://eduscol.education.fr/881/l-accompagnement-des-eleves},
	abstract = {…},
	language = {fr},
	urldate = {2022-01-04},
	journal = {éduscol {\textbar} Ministère de l'Éducation nationale, de la Jeunesse et des Sports - Direction générale de l'enseignement scolaire},
	author = {Eduscol, Education Nationale},
	year = {2020},
	keywords = {différenciée},
	file = {Snapshot:/home/bouscadilla/snap/zotero-snap/common/Zotero/storage/5JF94JVV/l-accompagnement-des-eleves.html:text/html},
}

@book{battut_comment_2009,
	title = {Comment différencier la pédagogie},
	isbn = {978-2-7256-7439-1},
	url = {https://www.numeriquepremium.com/content/books/9782725628943},
	abstract = {Différencier la pédagogie est l’un des moyens de répondre à l’hétérogénéité croissante des classes. La mise en place de programmes personnalisés permet de réduire l’écart de compétences des élèves. Toutefois, il n’est pas toujours simple pour l’enseignant d’organiser sa classe et de mettre au point des plans de travail dans un tel contexte. Cet ouvrage propose des pistes afin d’aider les enseignants dans cette tâche difficile. Il fournit toutes les clés méthodologiques et pratiques nécessaires pour différencier la pédagogie et permettre à tous les élèves de la classe de progresser. Date de première édition : 2006.},
	language = {fr},
	urldate = {2022-01-07},
	publisher = {Retz},
	author = {Battut, Eric and Bensimhon, Daniel},
	month = jun,
	year = {2009},
	file = {Snapshot:/home/bouscadilla/snap/zotero-snap/common/Zotero/storage/YDF8GKED/9782725628943.html:text/html},
}

@book{perrenoud_pedagogie_1997,
	title = {Pédagogie différenciée: {Des} intentions à l'action},
	isbn = {978-2-7101-2963-9},
	shorttitle = {Pédagogie différenciée},
	abstract = {Les pédagogies différenciées ne tournent pas le dos au projet de l'école qui reste de donner à tous une culture de base commune. Sans renoncer à diversifier tout ce qui peut l'être, leur enjeu est ailleurs : faire en sorte que tous les élèves aient un réel accès à cette culture, se l'approprient vraiment. Tenir compte des différences, c'est alors placer chacun dans des situations d'apprentissage optimales pour lui, c'est aller vers l'éducation sur mesure dont rêvait Claparède au début du siècle. Les pédagogies différenciées s'attaquent à ce défi . Si l'intention principale demeure stable, les façons de poser le problème se renouvellent : à l'enseignement individualisé, isolant l'élève face à des tâches papier-crayon, on cherche à substituer une différenciation à l'intérieur de situations didactiques complexes et ouvertes, confrontant chacun à ce qui fait obstacle, pour lui, à la construction des savoirs. On travaille sur le transfert et les compétences. On interroge la relation pédagogique, les fonctionnements de groupe, la distance culturelle, le sens des savoirs et du travail scolaire. Parallèlement, on construit des dispositifs d'individualisation des parcours de formation, on fait éclater les limites de la classe, on organise le suivi des progressions sur plusieurs années, on crée des cycles d'apprentissage, on invente une nouvelle organisation pédagogique. Ce livre tente de faire le point sur l'état des principaux chantiers de la pédagogie différenciée. Chacun est confronté au même dilemme : comment tenir compte des différences sans enfermer chacun dans sa singularité, son niveau, sa culture d'origine ?},
	language = {fr},
	publisher = {ESF éditeur},
	author = {Perrenoud, Philippe},
	year = {1997},
	note = {Google-Books-ID: IrCbDwAAQBAJ},
	keywords = {Education / Classroom Management, Education / Teaching Methods \& Materials / General, Psychology / Education \& Training, Psychology / General, Social Science / General, Study Aids / General},
	file = {PERRENOUD - 2015 - Pédagogie différenciée Des intentions à l'action.pdf:/home/bouscadilla/snap/zotero-snap/common/Zotero/storage/EK5JSY3T/PERRENOUD - 2015 - Pédagogie différenciée Des intentions à l'action.pdf:application/pdf},
}

@book{philippe_pedagogie_2015,
	edition = {6e édition},
	title = {Pédagogie différenciée: {Des} intentions à l'action},
	shorttitle = {Pédagogie différenciée},
	language = {Français},
	publisher = {ESF Sciences Humaines},
	author = {Philippe, Perrenoud},
	month = jun,
	year = {2015},
}

@book{reuter_dictionnaire_2013,
	title = {Dictionnaire des concepts fondamentaux des didactiques},
	isbn = {978-2-8041-6910-7},
	url = {https://www-cairn-info.lama.univ-amu.fr/dictionnaire-des-concepts-fondamentaux-des-didacti--9782804169107.htm},
	abstract = {Cet ouvrage présente les concepts fondamentaux des didactiques en précisant leur définition, les questions auxquelles ils répondent, leurs intérêts ainsi que les problèmes qu’ils soulèvent ou les débats qu’ils suscitent.},
	language = {fr},
	urldate = {2022-01-07},
	publisher = {De Boeck Supérieur},
	author = {Reuter, Yves and Cohen-Azria, Cora and Daunay, Bertrand and Delcambre, Isabelle and Lahanier-Reuter, Dominique},
	year = {2013},
	doi = {10.3917/dbu.reute.2013.01},
	note = {Cairndomain: www.cairn.info},
}

@misc{eyrold_conference_nodate,
	title = {Conférence {Jean}-{François} {Herold} 14/01/2022},
	author = {Eyrold, Jean-François},
}

@book{rabardel_les_1995,
	title = {Les hommes et les technologies; approche cognitive des instruments contemporains},
	publisher = {Armand Colin},
	author = {Rabardel, Pierre},
	year = {1995},
	file = {Full Text:/home/bouscadilla/snap/zotero-snap/common/Zotero/storage/X9KKKZNT/Rabardel - 1995 - Les hommes et les technologies\; approche cognitive.pdf:application/pdf},
}

@book{piaget_prise_1974,
	address = {75006 Paris, France},
	series = {La prise de conscience},
	title = {La prise de conscience. [{The} dictates of conscience.]},
	abstract = {Discusses conscience values in the developing child in terms of their behavioral manifestations. Results are presented of research which examines the workings of conscience in various stages of sensorimotor development. (PsycINFO Database Record (c) 2016 APA, all rights reserved)},
	publisher = {Presses Universitaires de France},
	author = {Piaget, Jean},
	year = {1974},
	note = {Pages: 282},
	keywords = {Conscience, Personality Development, Values},
	file = {Snapshot:/home/bouscadilla/snap/zotero-snap/common/Zotero/storage/9V7X845B/1974-25014-000.html:text/html},
}

@article{piaget_prise_1974-1,
	title = {La prise de conscience.},
	author = {Piaget, Jean},
	year = {1974},
	note = {Publisher: Presses universitaires de France},
	file = {Snapshot:/home/bouscadilla/snap/zotero-snap/common/Zotero/storage/77W2ZIV4/1974-25014-000.html:text/html},
}

@book{monceau_groupe_2005,
	title = {Groupe classe et groupes dans la classe},
	isbn = {978-2-7492-0502-1},
	url = {https://www-cairn-info.lama.univ-amu.fr/au-fil-de-la-parole-des-groupes-pour-dire--9782749205021-page-211.htm},
	language = {fr},
	urldate = {2022-01-27},
	publisher = {Érès},
	author = {Monceau, Gilles},
	year = {2005},
	note = {Bibliographie\_available: 0
Cairndomain: www.cairn.info
Cite Par\_available: 0
Pages: 211-218
Publication Title: Au fil de la parole, des groupes pour dire},
	file = {Snapshot:/home/bouscadilla/snap/zotero-snap/common/Zotero/storage/SGW92JXX/au-fil-de-la-parole-des-groupes-pour-dire--9782749205021-page-211.html:text/html},
}

@article{peeters_contribution_2018,
	title = {Contribution de la dynamique des groupes à la gestion de situations difficiles dans le groupe-classe},
	volume = {117118},
	issn = {0777-0707},
	url = {https://www-cairn-info.lama.univ-amu.fr/revue-les-cahiers-internationaux-de-psychologie-sociale-2018-1-page-147.htm},
	abstract = {L\&\#8217;outil pr\&\#233;sent\&\#233; ici a \&\#233;t\&\#233; \&\#233;labor\&\#233; comme support d\&\#8217;une formation en cours de carri\&\#232;re d\&\#8217;enseignants et ajust\&\#233; au cours d\&\#8217;une dizaine de sessions organis\&\#233;es en Communaut\&\#233; fran\&\#231;aise de Belgique. Le dispositif repose sur un \&\#233;quilibre entre des r\&\#233;ponses imm\&\#233;diates, sollicit\&\#233;es entre-autres en vue d\&\#8217;\&\#233;valuer le formateur, des apports th\&\#233;oriques, indispensables mais per\&\#231;us au d\&\#233;part comme inutiles, et des mises en situations visant \&\#224; favoriser l\&\#8217;\&\#233;volution des repr\&\#233;sentations. L\&\#8217;\&\#233;quilibre entre ces trois composantes varie selon le groupe de participants. Le s\&\#233;minaire est aussi fond\&\#233; sur le pr\&\#233;suppos\&\#233; que, pour am\&\#233;liorer le climat du groupe-classe et l\&\#8217;efficacit\&\#233; des apprentissages, le changement des repr\&\#233;sentations des enseignants et des \&\#233;l\&\#232;ves n\&\#8217;est pas facultatif. Le s\&\#233;minaire s\&\#8217;articule autour de sept recommandations dont la formulation est volontairement simplifi\&\#233;e afin de rencontrer l\&\#8217;h\&\#233;t\&\#233;rog\&\#233;n\&\#233;it\&\#233; du public concern\&\#233; (enseignants du G\&\#233;n\&\#233;ral, du Technique et du Professionnel, de la 1\&\#232;re \&\#224; la 6\&\#232;me). Elles s\&\#8217;appuient sur des travaux empiriques ou sur des th\&\#233;ories bien connues avec pour objectif de permettre \&\#224; l\&\#8217;enseignant d\&\#8217;augmenter le temps consacr\&\#233; aux apprentissages. Les recommandations suivantes sont travaill\&\#233;es dans un ordre qui s\&\#8217;adapte \&\#224; l\&\#8217;\&\#233;volution du groupe\&\#160;: identifier les pr\&\#233;mices et le d\&\#233;veloppement des situations difficiles ainsi et les r\&\#233;actions possibles de l\&\#8217;enseignant\&\#160;; s\&\#8217;int\&\#233;resser au groupe-classe autant qu\&\#8217;\&\#224; chaque \&\#233;l\&\#232;ve\&\#160;; identifier les normes du groupe et s\&\#8217;appuyer sur des r\&\#232;gles\&\#160;; identifier et g\&\#233;rer des conflits\&\#160;; comprendre les diff\&\#233;rences entre les valeurs de l\&\#8217;enseignant et celles des \&\#233;l\&\#232;ves\&\#160;; prendre conscience des effets des attitudes de l\&\#8217;enseignant\&\#160;; collaborer avec les coll\&\#232;gues et les personnels sp\&\#233;cialis\&\#233;s.},
	language = {fr},
	number = {1},
	urldate = {2022-01-27},
	journal = {Les Cahiers Internationaux de Psychologie Sociale},
	author = {Peeters, Luc},
	month = oct,
	year = {2018},
	note = {Bibliographie\_available: 1
Cairndomain: www.cairn.info
Cite Par\_available: 0
Publisher: Presses universitaires de Liège},
	pages = {147--179},
	file = {Full Text PDF:/home/bouscadilla/snap/zotero-snap/common/Zotero/storage/Y3FB3ISG/Peeters - 2018 - Contribution de la dynamique des groupes à la gest.pdf:application/pdf;Snapshot:/home/bouscadilla/snap/zotero-snap/common/Zotero/storage/MC9A6NIH/revue-les-cahiers-internationaux-de-psychologie-sociale-2018-1-page-147.html:text/html},
}

@misc{laisney_travail_2022,
	title = {Le travail de groupe},
	author = {Laisney, Patrice},
	month = jan,
	year = {2022},
}

@article{perrenoud_pedagogie_1995,
	title = {La pédagogie à l’école des différences},
	journal = {Paris: ESF},
	author = {Perrenoud, Philippe},
	year = {1995},
	file = {Full Text:/home/bouscadilla/snap/zotero-snap/common/Zotero/storage/ZTVDP46H/php_ecole.html:text/html},
}

@book{doise_developpement_1981,
	title = {Le développement social de l'intelligence},
	publisher = {FeniXX},
	author = {Doise, Willem and Mugny, Gabriel},
	year = {1981},
	file = {Full Text:/home/bouscadilla/snap/zotero-snap/common/Zotero/storage/7KJ22FKB/Doise et Mugny - 1981 - Le développement social de l'intelligence.pdf:application/pdf;Snapshot:/home/bouscadilla/snap/zotero-snap/common/Zotero/storage/QRD898PL/books.html:text/html},
}

@book{doise_psychologie_1997,
	title = {Psychologie sociale et développement cognitif},
	publisher = {A. Colin},
	author = {Doise, Willem and Mugny, Gabriel},
	year = {1997},
}

@book{legrand_differenciation_1986,
	title = {La {Différenciation} pédagogiqe},
	publisher = {Scarabée},
	author = {Legrand, Louis},
	year = {1986},
}

@book{aronson_jigsaw_1978,
	address = {Oxford, England},
	series = {The jigsaw classroom},
	title = {The jigsaw classroom},
	isbn = {978-0-8039-0997-7},
	abstract = {Describes the "jigsaw technique," an alternative to conventional classroom teaching methods. Rather than grouping a whole class around a teacher, the students are taught to work in smaller interdependent groups; each child is given a part of a topic to be studied, and when finished, the students fit their pieces of the subject area together to form a complete "jigsaw" picture. Examples of the use of the method, suggested projects, and research findings are included. (40 ref) (PsycINFO Database Record (c) 2016 APA, all rights reserved)},
	publisher = {Sage},
	author = {Aronson, Elliot and {et al}},
	year = {1978},
	note = {Pages: 197},
	keywords = {Elementary Education, Independence (Personality), Interpersonal Interaction, School Learning, Teaching Methods},
	file = {Snapshot:/home/bouscadilla/snap/zotero-snap/common/Zotero/storage/NICIDSE5/1980-51351-000.html:text/html},
}
